@article{cunningham2024base,
  title   = {Can Base ChatGPT be Used for Forecasting without Additional Optimization?},
  author  = {Pham, Hoang Van and Cunningham, Scott},
  journal = {arXiv preprint arXiv:2404.07396},
  year    = {2024}
}

@article{silver2013oscar,
  title   = {Oscar Predictions, Election-Style},
  author  = {Silver, Nate},
  journal = {FiveThirtyEight},
  year    = {2013},
  url     = {https://fivethirtyeight.com/features/oscar-predictions-election-style/}
}

@article{horton2023large,
  title   = {Large Language Models as Simulated Economic Agents: What Can We Learn from Homo Silicus?},
  author  = {Horton, John J},
  journal = {arXiv preprint arXiv:2301.07543},
  year    = {2023}
}

@misc{openai2024models,
  title        = {OpenAI Models Documentation},
  author       = {{OpenAI}},
  year         = {2024},
  howpublished = {\url{https://platform.openai.com/docs/models}}
}

@misc{anthropic2024claude,
  title        = {Anthropic Claude Documentation},
  author       = {{Anthropic}},
  year         = {2024},
  howpublished = {\url{https://docs.anthropic.com/claude/}}
}

@article{lopez2023can,
  title   = {Can ChatGPT Forecast Stock Price Movements? Return Predictability and Large Language Models},
  author  = {Lopez-Lira, Alejandro and Tang, Yuehua},
  journal = {Available at SSRN 4412788},
  year    = {2023}
}